<record><leader>00000cas a2200000 a 4500</leader><controlfield tag="001">10489466</controlfield><controlfield tag="008">840306d18441uuuiluwn ne      0   a0eng c</controlfield><datafield ind1=" " ind2=" " tag="010"><subfield code="a">sn 84024082 </subfield></datafield><datafield ind1=" " ind2=" " tag="040"><subfield code="a">NPV</subfield><subfield code="b">eng</subfield><subfield code="c">NPV</subfield><subfield code="d">NPX</subfield><subfield code="d">NPV</subfield><subfield code="d">NVF</subfield><subfield code="d">CVF</subfield><subfield code="d">OCL</subfield><subfield code="d">NVF</subfield><subfield code="d">OCLCF</subfield><subfield code="d">NVF</subfield><subfield code="d">OCLCO</subfield><subfield code="d">NVF</subfield></datafield><datafield ind1=" " ind2=" " tag="042"><subfield code="a">pcc</subfield></datafield><datafield ind1=" " ind2=" " tag="043"><subfield code="a">n-us-il</subfield></datafield><datafield ind1="0" ind2="0" tag="245"><subfield code="a">Juliet signal.</subfield></datafield><datafield ind1="1" ind2=" " tag="246"><subfield code="i">Published as:</subfield><subfield code="a">Joliet signal</subfield><subfield code="f">&lt;Apr. 1, 1845-Apr. 20, 1886&gt;</subfield></datafield><datafield ind1=" " ind2=" " tag="260"><subfield code="a">Juliet [i.e., Joliet], Ill. :</subfield><subfield code="b">S.W. Randall,</subfield><subfield code="c">1844-[1---?]</subfield></datafield><datafield ind1="2" ind2=" " tag="260"><subfield code="3">&lt;1846&gt;-&lt;&gt;</subfield><subfield code="a">Joliet, Ill. :</subfield><subfield code="b">A. Stllman</subfield></datafield><datafield ind1="2" ind2=" " tag="260"><subfield code="3">&lt;June 23, 1846&gt;-&lt;&gt;</subfield><subfield code="a">Joliet, Ill. :</subfield><subfield code="b">C. &amp; C. Zarley</subfield></datafield><datafield ind1="3" ind2=" " tag="260"><subfield code="3">&lt;1874&gt;</subfield><subfield code="a">Joliet, Ill. :</subfield><subfield code="b">Zarley &amp; Co.</subfield></datafield><datafield ind1=" " ind2=" " tag="300"><subfield code="a">volumes :</subfield><subfield code="b">illustrations ;</subfield><subfield code="c">57 cm.</subfield></datafield><datafield ind1=" " ind2=" " tag="310"><subfield code="a">Weekly (except last week in Dec.)</subfield></datafield><datafield ind1=" " ind2=" " tag="321"><subfield code="a">Weekly,</subfield><subfield code="b">&lt;May 5, 1846&gt;-&lt;Dec. 26, 1848&gt;</subfield></datafield><datafield ind1="1" ind2=" " tag="362"><subfield code="a">Began in 1844.</subfield></datafield><datafield ind1=" " ind2=" " tag="500"><subfield code="a">In 1845, local residents changed the spelling of Juliet, Ill. to Joliet.</subfield></datafield><datafield ind1=" " ind2=" " tag="500"><subfield code="a">"Official paper of the city," Jan. 1, 1861-&lt;&gt;.</subfield></datafield><datafield ind1=" " ind2=" " tag="515"><subfield code="a">Issue for v. 5, no. 10 (Aug. 17, 1847) erroneously designated as v. 5, no. 10 (Aug. 16, 1847).</subfield></datafield><datafield ind1=" " ind2=" " tag="530"><subfield code="a">Also available via the World Wide Web.</subfield></datafield><datafield ind1=" " ind2=" " tag="588"><subfield code="a">Description based on: Vol. 2, no. 37 (Feb. 25, 1845).</subfield></datafield><datafield ind1=" " ind2=" " tag="588"><subfield code="a">Latest issue consulted: Apr. 7, 1893.</subfield></datafield><datafield ind1=" " ind2="0" tag="651"><subfield code="a">Joliet (Ill.)</subfield><subfield code="v">Newspapers.</subfield></datafield><datafield ind1=" " ind2="7" tag="651"><subfield code="a">Illinois</subfield><subfield code="z">Joliet.</subfield><subfield code="2">fast</subfield><subfield code="0">(OCoLC)fst01205950</subfield></datafield><datafield ind1=" " ind2="7" tag="655"><subfield code="a">Newspapers.</subfield><subfield code="2">fast</subfield><subfield code="0">(OCoLC)fst01423814</subfield></datafield><datafield ind1=" " ind2=" " tag="752"><subfield code="a">United States</subfield><subfield code="b">Illinois</subfield><subfield code="c">Will County</subfield><subfield code="d">Juliet.</subfield></datafield><datafield ind1=" " ind2=" " tag="752"><subfield code="a">United States</subfield><subfield code="b">Illinois</subfield><subfield code="c">Will County</subfield><subfield code="d">Joliet.</subfield></datafield><datafield ind1="0" ind2="8" tag="776"><subfield code="i">Online version:</subfield><subfield code="t">Juliet signal</subfield><subfield code="w">(OCoLC)862973259</subfield></datafield><datafield ind1="0" ind2="0" tag="780"><subfield code="t">Signal (Juliet, Ill.)</subfield><subfield code="w">(DLC)sn 93057118</subfield><subfield code="w">(OCoLC)28693215</subfield></datafield></record>